<?xml version="1.0" encoding="UTF-8"?>
<SOAP-ENV:Envelope xmlns:SOAP-ENV="http://schemas.xmlsoap.org/soap/envelope/" xmlns:marcx="info:lc/xmlns/marcxchange-v1" xmlns:of="http://oss.dbc.dk/ns/openformat"><SOAP-ENV:Body><of:formatResponse><marcx:collection><marcx:record format="danMARC2" type="Bibliographic"><marcx:leader>00000n    2200000   4500</marcx:leader><marcx:datafield ind1="0" ind2="0" tag="001"><marcx:subfield code="a">ebr10397158</marcx:subfield><marcx:subfield code="b">WorldCat</marcx:subfield><marcx:subfield code="d">20100407</marcx:subfield><marcx:subfield code="f">a</marcx:subfield></marcx:datafield><marcx:datafield ind1="0" ind2="0" tag="004"><marcx:subfield code="r">n</marcx:subfield><marcx:subfield code="a">e</marcx:subfield></marcx:datafield><marcx:datafield ind1="0" ind2="0" tag="008"><marcx:subfield code="t">m</marcx:subfield><marcx:subfield code="a">2010</marcx:subfield><marcx:subfield code="b">us</marcx:subfield><marcx:subfield code="d">x</marcx:subfield><marcx:subfield code="w">1</marcx:subfield><marcx:subfield code="l">eng</marcx:subfield><marcx:subfield code="v">0</marcx:subfield><marcx:subfield code="x">b</marcx:subfield></marcx:datafield><marcx:datafield ind1="0" ind2="0" tag="009"><marcx:subfield code="a">a</marcx:subfield><marcx:subfield code="g">xe</marcx:subfield><marcx:subfield code="b">t</marcx:subfield></marcx:datafield><marcx:datafield ind1="0" ind2="0" tag="021"><marcx:subfield code="x">9780395978382</marcx:subfield></marcx:datafield><marcx:datafield ind1="0" ind2="0" tag="021"><marcx:subfield code="x">9780547341545</marcx:subfield><marcx:subfield code="b">e-book</marcx:subfield></marcx:datafield><marcx:datafield ind1="0" ind2="0" tag="021"><marcx:subfield code="x">9780547232157</marcx:subfield><marcx:subfield code="b">pbk.</marcx:subfield></marcx:datafield><marcx:datafield ind1="0" ind2="0" tag="021"><marcx:subfield code="x">0547232152</marcx:subfield><marcx:subfield code="b">pbk.</marcx:subfield></marcx:datafield><marcx:datafield ind1="0" ind2="0" tag="021"><marcx:subfield code="x">9780547232119</marcx:subfield><marcx:subfield code="b">hardcover</marcx:subfield></marcx:datafield><marcx:datafield ind1="0" ind2="0" tag="021"><marcx:subfield code="x">054723211X</marcx:subfield><marcx:subfield code="b">hardcover</marcx:subfield></marcx:datafield><marcx:datafield ind1="0" ind2="0" tag="036"><marcx:subfield code="z">2010277445</marcx:subfield></marcx:datafield><marcx:datafield ind1="0" ind2="0" tag="050"><marcx:subfield code="a">PZ7</marcx:subfield><marcx:subfield code="b">.M374748 2010eb</marcx:subfield></marcx:datafield><marcx:datafield ind1="0" ind2="0" tag="100"><marcx:subfield code="a">Platt</marcx:subfield><marcx:subfield code="h">Cynthia</marcx:subfield></marcx:datafield><marcx:datafield ind1="0" ind2="0" tag="245"><marcx:subfield code="a">Margret &amp; H.A. Rey's Curious George and the pizza party</marcx:subfield><marcx:subfield code="m">electronic resource</marcx:subfield><marcx:subfield code="e">written by Cynthia Platt</marcx:subfield><marcx:subfield code="e">illustrated in the style of H.A. Rey by Mary O'Keefe Young</marcx:subfield></marcx:datafield><marcx:datafield ind1="0" ind2="0" tag="260"><marcx:subfield code="a">Boston</marcx:subfield><marcx:subfield code="b">Houghton Mifflin Harcourt</marcx:subfield><marcx:subfield code="c">2010</marcx:subfield></marcx:datafield><marcx:datafield ind1="0" ind2="0" tag="300"><marcx:subfield code="a">[22] s.</marcx:subfield><marcx:subfield code="b">col. ill.</marcx:subfield></marcx:datafield><marcx:datafield ind1="0" ind2="0" tag="504"><marcx:subfield code="a">Summary: Curious George is invited to a pizza party. The guests are allowed to make their own pizza. Can the party survive George's mess?</marcx:subfield></marcx:datafield><marcx:datafield ind1="0" ind2="0" tag="559"><marcx:subfield code="a">Electronic reproduction. Palo Alto, Calif. : ebrary, 2013. Available via World Wide Web. Access may be limited to ebrary affiliated libraries</marcx:subfield></marcx:datafield><marcx:datafield ind1="0" ind2="0" tag="650"><marcx:subfield code="a">Curious George (Fictitious character)</marcx:subfield><marcx:subfield code="v">Juvenile fiction</marcx:subfield><marcx:subfield code="2">2</marcx:subfield></marcx:datafield><marcx:datafield ind1="0" ind2="0" tag="650"><marcx:subfield code="a">Monkeys</marcx:subfield><marcx:subfield code="v">Juvenile fiction</marcx:subfield><marcx:subfield code="2">2</marcx:subfield></marcx:datafield><marcx:datafield ind1="0" ind2="0" tag="650"><marcx:subfield code="a">Pizza</marcx:subfield><marcx:subfield code="v">Juvenile fiction</marcx:subfield><marcx:subfield code="2">2</marcx:subfield></marcx:datafield><marcx:datafield ind1="0" ind2="0" tag="650"><marcx:subfield code="a">Parties</marcx:subfield><marcx:subfield code="v">Juvenile fiction</marcx:subfield><marcx:subfield code="2">2</marcx:subfield></marcx:datafield><marcx:datafield ind1="0" ind2="0" tag="650"><marcx:subfield code="a">Electronic books</marcx:subfield><marcx:subfield code="2">local</marcx:subfield></marcx:datafield><marcx:datafield ind1="0" ind2="0" tag="700"><marcx:subfield code="a">Rey</marcx:subfield><marcx:subfield code="h">H. A.</marcx:subfield><marcx:subfield code="k">Hans Augusto</marcx:subfield><marcx:subfield code="c">1898-1977</marcx:subfield></marcx:datafield><marcx:datafield ind1="0" ind2="0" tag="700"><marcx:subfield code="a">Rey</marcx:subfield><marcx:subfield code="h">Margret</marcx:subfield></marcx:datafield><marcx:datafield ind1="0" ind2="0" tag="700"><marcx:subfield code="a">Young</marcx:subfield><marcx:subfield code="h">Mary O'Keefe</marcx:subfield></marcx:datafield><marcx:datafield ind1="0" ind2="0" tag="745"><marcx:subfield code="i">Portion of title</marcx:subfield><marcx:subfield code="a">Curious George and the pizza party</marcx:subfield></marcx:datafield><marcx:datafield ind1="0" ind2="0" tag="856"><marcx:subfield code="u">http://site.ebrary.com/lib/ucsj/Doc?id=10397158</marcx:subfield><marcx:subfield code="z">An electronic book accessible through the World Wide Web; click to view</marcx:subfield></marcx:datafield></marcx:record></marcx:collection></of:formatResponse></SOAP-ENV:Body></SOAP-ENV:Envelope>
